@article{CS1,
     title = {The Use of Worked Examples as a Substitute for Problem Solving in Learning Algebra},
     author = {Sweller, John and Cooper, Graham A.},
     journal = {Cognition and Instruction},
     volume = {2},
     number = {1},
     pages = {pp. 59-89},
     ISSN = {07370008},
     language = {English},
     year = {1985},
     publisher = {Taylor & Francis, Ltd.},
     copyright = {Copyright Â© 1985 Taylor & Francis, Ltd.},
    }

 @article{CS2,
 	title = {Effects of schema acquisition and rule automation on mathematical problem-solving transfer.},
 	author = {Cooper, Graham A.},
 	journal = {Journal of educational psychology},
 	volume = {79},
 	issue = {4},
 	pages = {pp. 347 - 362},
 	ISSN = {00220663},
 	language = {English},
 	year = {1987},
	}
@article{PM,
  title={Variability of worked examples and transfer of geometrical problem-solving skills: A cognitive-load approach.},
  author={Paas, Fred GWC and Van Merri{\"e}nboer, Jeroen JG},
  journal={Journal of educational psychology},
  volume={86},
  number={1},
  pages={122},
  year={1994},
  publisher={American Psychological Association}
}